@inproceedings{Roverso_smoothcache,
 author = {Roverso, Roberto and Reale, Riccardo and El-Ansary, Sameh and Haridi, Seif},
 title = {SmoothCache 2.0: CDN-quality Adaptive HTTP Live Streaming on Peer-to-peer Overlays},
 booktitle = {Proceedings of the 6th ACM Multimedia Systems Conference},
 series = {MMSys '15},
 year = {2015},
 location = {Portland, Oregon},
 pages = {61--72},
 numpages = {12},
 publisher = {ACM},
 address = {New York, NY, USA},
 keywords = {adaptive bitrate HTTP streaming, content delivery network, peer-to-peer},
}

%%%%%%%%%%%%%%%%%%%%%%%%%%%%%%%%%%%%%%%%%%%%%%%%%%%%%%%%%%%%%%%%%%%%%%%%%%%%%%%%%%%%%%%%%%%%%%%

@article{amoretti_autonomous,
year={2015},
journal={Peer-to-Peer Networking and Applications},
title={An autonomic approach for P2P/cloud collaborative environments},
publisher={Springer US},
keywords={Distributed collaborative environment; Autonomic system; Peer-to-peer; Cloud},
author={Amoretti, Michele and Grazioli, Alessandro and Zanichelli, Francesco},
pages={1-16}
}

%%%%%%%%%%%%%%%%%%%%%%%%%%%%%%%%%%%%%%%%%%%%%%%%%%%%%%%%%%%%%%%%%%%%%%%%%%%%%%%%%%%%%%%%%%%%%%%

@inproceedings{icdcs2012-croupier,
  author={Dowling, J. and Payberah, A.H.},
  title={Shuffling with a {Croupier}: Nat-Aware Peer-Sampling},
  booktitle={Proc. of ICDCS'12},
  pages={102--111},
  year={2012},
  publisher={IEEE}
}

%%%%%%%%%%%%%%%%%%%%%%%%%%%%%%%%%%%%%%%%%%%%%%%%%%%%%%%%%%%%%%%%%%%%%%%%%%%%%%%%%%%%%%%%%%%%%%%

@inproceedings{roverso2012smoothcache,
  title={{SmoothCache}: {HTTP}-Live Streaming Goes Peer-to-Peer},
  author={Roverso, R. and El-Ansary, S. and Haridi, S.},
  booktitle={Proc. of NETWORKING'12},
  pages={29--43},
  year={2012},
  publisher={Springer}
}

%%%%%%%%%%%%%%%%%%%%%%%%%%%%%%%%%%%%%%%%%%%%%%%%%%%%%%%%%%%%%%%%%%%%%%%%%%%%%%%%%%%%%%%%%%%%%%%

@inproceedings{ZhiHui_Lu,
  title={Scalable and reliable live streaming service through coordinating {CDN} and {P2P}},
  author={Lu, Z.H. and Gao, X.H. and Huang, S.J. and Huang, Y.},
  booktitle={Proc. of ICPADS'11},
  pages={581--588},
  year={2011},
  organization={IEEE}
}

%%%%%%%%%%%%%%%%%%%%%%%%%%%%%%%%%%%%%%%%%%%%%%%%%%%%%%%%%%%%%%%%%%%%%%%%%%%%%%%%%%%%%%%%%%%%%%%

@article{eue,
  title={{EUE} principle of resource scheduling for live streaming systems underlying {CDN-P2P} hybrid architecture},
  author={Hu, C. and Chen, M. and Xing, C. and Xu, B.},
  journal={Peer-to-Peer Networking and Applications},
  volume={5},
  number={4},
  pages={1--11},
  year={2012},
  publisher={Springer}
}

%%%%%%%%%%%%%%%%%%%%%%%%%%%%%%%%%%%%%%%%%%%%%%%%%%%%%%%%%%%%%%%%%%%%%%%%%%%%%%%%%%%%%%%%%%%%%%%

@inproceedings{liveSky,
  author={Yin, Hao and Liu, Xuening and Zhan, Tongyu and Sekar, Vyas and Qiu, Feng and Lin, Chuang and Zhang, Hui and Li, Bo},
  title={Design and deployment of a hybrid {CDN-P2P} system for live video streaming: experiences with {LiveSky}},
  booktitle={Proc. of Multimedia'09},
  pages={25--34},
  year={2009},
  publisher={ACM}
} 

%%%%%%%%%%%%%%%%%%%%%%%%%%%%%%%%%%%%%%%%%%%%%%%%%%%%%%%%%%%%%%%%%%%%%%%%%%%%%%%%%%%%%%%%%%%%%%%

@article{self,
  title={Self-* properties through gossiping},
  author={Babaoglu, O. and Jelasity, M.},
  journal={Philosophical Transactions of the Royal Society A: Mathematical, Physical and Engineering Sciences},
  volume={366},
  number={1881},
  pages={3747--3757},
  year={2008},
  publisher={The Royal Society}
}


%%%%%%%%%%%%%%%%%%%%%%%%%%%%%%%%%%%%%%%%%%%%%%%%%%%%%%%%%%%%%%%%%%%%%%%%%%%%%%%%%%%%%%%%%%%%%%%

@inproceedings{kavalionak:iwsos12,
  title={{P2P} and Cloud: A Marriage of Convenience for Replica Management},
  author={Kavalionak, H. and Montresor, A},
  booktitle={Proc. of IWSOS'12},
  pages={60--71},
  year={2012},
  publisher={Springer}
}

%%%%%%%%%%%%%%%%%%%%%%%%%%%%%%%%%%%%%%%%%%%%%%%%%%%%%%%%%%%%%%%%%%%%%%%%%%%%%%%%%%%%%%%%%%%%%%%%

@article{tman,
  title={{T-Man}: Gossip-based fast overlay topology construction},
  author={Jelasity, M. and Montresor, A. and Babaoglu, O.},
  journal={Computer Networks},
  volume={53},
  number={13},
  pages={2321--2339},
  year={2009},
  publisher={Elsevier}
}

%%%%%%%%%%%%%%%%%%%%%%%%%%%%%%%%%%%%%%%%%%%%%%%%%%%%%%%%%%%%%%%%%%%%%%%%%%%%%%%%%%%%%%%%%%%%%%%%

@article{loop,
  title={The vision of autonomic computing},
  author={Kephart, J.O. and Chess, D.M.},
  journal={Computer},
  volume={36},
  number={1},
  pages={41--50},
  year={2003},
  publisher={IEEE}
}

%%%%%%%%%%%%%%%%%%%%%%%%%%%%%%%%%%%%%%%%%%%%%%%%%%%%%%%%%%%%%%%%%%%%%%%%%%%%%%%%%%%%%%%%%%%%%%%%

@inproceedings{gossipestimation,
 title={Gossip-based distribution estimation in peer-to-peer networks},
 author={Haridasan, M. and van Renesse, R.},
 booktitle={Proc. of IPTPS'08},
 year={2008},
 publisher={USENIX}
} 


%%%%%%%%%%%%%%%%%%%%%%%%%%%%%%%%%%%%%%%%%%%%%%%%%%%%%%%%%%%%%%%%%%%%%%%%%%%%%%%%%%%%%%%%%%%%%%%%

@inproceedings{adam2,
  title={Adam2: Reliable distribution estimation in decentralised environments},
  author={Sacha, J. and Napper, J. and Stratan, C. and Pierre, G.},
  booktitle={Proc. of ICDCS'10},
  pages={697--707},
  year={2010},
  organization={IEEE}
}

%%%%%%%%%%%%%%%%%%%%%%%%%%%%%%%%%%%%%%%%%%%%%%%%%%%%%%%%%%%%%%%%%%%%%%%%%%%%%%%%%%%%%%%%%%%%%%%%

@inproceedings{mobilecloud,
  title={Cloud Assisted {P2P} Media Streaming for Bandwidth Constrained Mobile Subscribers},
  author={Jin, X. and Kwok, Y.},
  booktitle={Proc. of IPDPS'10},
  pages={800--805},
  year={2010},
  publisher={IEEE}
}

%%%%%%%%%%%%%%%%%%%%%%%%%%%%%%%%%%%%%%%%%%%%%%%%%%%%%%%%%%%%%%%%%%%%%%%%%%%%%%%%%%%%%%%%%%%%%%%%

@inproceedings{Kumar2006,
  title={Optimal peer-assisted file distribution: Single and multi-class problems},
  author={Kumar, R. and Ross, K.W.},
  booktitle={Proc. of HOTWEB'06},
  year={2006},
  publisher={IEEE}
}

%%%%%%%%%%%%%%%%%%%%%%%%%%%%%%%%%%%%%%%%%%%%%%%%%%%%%%%%%%%%%%%%%%%%%%%%%%%%%%%%%%%%%%%%%%%%%%%%

@inproceedings{Zhang:scaling,
  title={Scaling peer-to-peer video-on-demand systems using helpers},
  author={Zhang, H. and Wang, J. and Chen, M. and Ramchandran, K.},
  booktitle={Proc. of ICIP'09},
  pages={3053--3056},
  year={2009},
  organization={IEEE}
}

%%%%%%%%%%%%%%%%%%%%%%%%%%%%%%%%%%%%%%%%%%%%%%%%%%%%%%%%%%%%%%%%%%%%%%%%%%%%%%%%%%%%%%%%%%%%%%%%%

@inproceedings{Wang:role,
  title={On the role of helpers in peer-to-peer file download systems: Design, analysis and simulation},
  author={Wang, J. and Yeo, C. and Prabhakaran, V. and Ramchandran, K.},
  booktitle={Proc. of IPTPS'07},
  year={2007}
}

%%%%%%%%%%%%%%%%%%%%%%%%%%%%%%%%%%%%%%%%%%%%%%%%%%%%%%%%%%%%%%%%%%%%%%%%%%%%%%%%%%%%%%%%%%%%%%%%%

@inproceedings{Wang:enchancing,
  title={Enhancing peer-to-peer live multicast quality using helpers},
  author={Wang, J. and Ramchandran, K.},
  booktitle={Proc. of ICIP'08},
  pages={2300--2303},
  year={2008},
  organization={IEEE}
}

%%%%%%%%%%%%%%%%%%%%%%%%%%%%%%%%%%%%%%%%%%%%%%%%%%%%%%%%%%%%%%%%%%%%%%%%%%%%%%%%%%%%%%%%%%%%%%%%%

@article{MundingerWW08,
  title={Optimal scheduling of peer-to-peer file dissemination},
  author={Mundinger, J. and Weber, R. and Weiss, G.},
  journal={Journal of Scheduling},
  volume={11},
  number={2},
  pages={105--120},
  year={2008},
  publisher={Springer}
}

%%%%%%%%%%%%%%%%%%%%%%%%%%%%%%%%%%%%%%%%%%%%%%%%%%%%%%%%%%%%%%%%%%%%%%%%%%%%%%%%%%%%%%%%%%%%%%%%%

@article{HuangKR10,
  title={On minimizing average end-to-end delay in {P2P} live streaming systems},
  author={Huang, F. and Khan, M. and Ravindran, B.},
  journal={Principles of Distributed Systems},
  pages={459--474},
  year={2010},
  publisher={Springer}
}

%%%%%%%%%%%%%%%%%%%%%%%%%%%%%%%%%%%%%%%%%%%%%%%%%%%%%%%%%%%%%%%%%%%%%%%%%%%%%%%%%%%%%%%%%%%%%%%%%%

@inproceedings{EzovskiTA09,
  title={Minimizing average finish time in {P2P} networks},
  author={Ezovski, G.M. and Tang, A. and Andrew, L.L.H.},
  booktitle={Proc. of INFOCOM'09},
  pages={594--602},
  year={2009},
  organization={IEEE}
}

%%%%%%%%%%%%%%%%%%%%%%%%%%%%%%%%%%%%%%%%%%%%%%%%%%%%%%%%%%%%%%%%%%%%%%%%%%%%%%%%%%%%%%%%%%%%%%%%%%%

@inproceedings{CloudAngel,
  title={Angels in the cloud: A peer-assisted bulk-synchronous content distribution service},
  author={Sweha, R. and Ishakian, V. and Bestavros, A.},
  booktitle={Proc. of CLOUD'11},
  pages={97--104},
  year={2011},
  organization={IEEE}
}

%%%%%%%%%%%%%%%%%%%%%%%%%%%%%%%%%%%%%%%%%%%%%%%%%%%%%%%%%%%%%%%%%%%%%%%%%%%%%%%%%%%%%%%%%%%%%%%%%%%%

@inproceedings{Kumar:MDT,
  title={Peer-assisted file distribution: The minimum distribution time},
  author={Kumar, R. and Ross, K.W.},
  booktitle={Proc. of HOTWEB'06},
  pages={1--11},
  year={2006},
  organization={IEEE}
}

%%%%%%%%%%%%%%%%%%%%%%%%%%%%%%%%%%%%%%%%%%%%%%%%%%%%%%%%%%%%%%%%%%%%%%%%%%%%%%%%%%%%%%%%%%%%%%%%%%%%

@inproceedings{cloudmedia,
  title={Cloudmedia: When cloud on demand meets video on demand},
  author={Wu, Y. and Wu, C. and Li, B. and Qiu, X. and Lau, F.C.M.},
  booktitle={Proc. of ICDCS'11},
  pages={268--277},
  year={2011},
  organization={IEEE}
}

%%%%%%%%%%%%%%%%%%%%%%%%%%%%%%%%%%%%%%%%%%%%%%%%%%%%%%%%%%%%%%%%%%%%%%%%%%%%%%%%%%%%%%%%%%%%%%%%%%%%

@inproceedings{cloudcast,
  title={Cloudy Weather for {P2P}, with a Chance of Gossip},
  author={Montresor, A. and Abeni, L.},
  booktitle={Proc. of P2P'11},
  pages={250--259},
  year={2011},
  organization={IEEE}
}

%%%%%%%%%%%%%%%%%%%%%%%%%%%%%%%%%%%%%%%%%%%%%%%%%%%%%%%%%%%%%%%%%%%%%%%%%%%%%%%%%%%%%%%%%%%%%%%%%%%%

@article{challenge,
  title={Challenges and approaches in large-scale {P2P} media streaming},
  author={Yiu, W.P.K. and Jin, X. and Chan, S.H.G.},
  journal={MultiMedia},
  volume={14},
  number={2},
  pages={50--59},
  year={2007},
  publisher={IEEE}
}

%%%%%%%%%%%%%%%%%%%%%%%%%%%%%%%%%%%%%%%%%%%%%%%%%%%%%%%%%%%%%%%%%%%%%%%%%%%%%%%%%%%%%%%%%%%%%%%%%%%%

@article{aggregation,
  title={Gossip-based aggregation in large dynamic networks},
  author={Jelasity, M. and Montresor, A. and Babaoglu, O.},
  journal={ACM Transactions on Computer Systems (TOCS)},
  volume={23},
  number={3},
  pages={219--252},
  year={2005},
  publisher={ACM}
}

%%%%%%%%%%%%%%%%%%%%%%%%%%%%%%%%%%%%%%%%%%%%%%%%%%%%%%%%%%%%%%%%%%%%%%%%%%%%%%%%%%%%%%%%%%%%%%%%%%%%

@inproceedings{p2p2009,
  title={Towards robust peer counting},
  author={Montresor, A. and Ghodsi, A.},
  booktitle={Proc. of P2P'09},
  pages={143--146},
  year={2009},
  organization={IEEE}
}

%%%%%%%%%%%%%%%%%%%%%%%%%%%%%%%%%%%%%%%%%%%%%%%%%%%%%%%%%%%%%%%%%%%%%%

@inproceedings{kompics,
  title={Developing, simulating, and deploying peer-to-peer systems using the {Kompics} component model},
  author={Arad, C. and Dowling, J. and Haridi, S.},
  booktitle={Proc. of ICST'09},
  pages={16},
  year={2009},
  organization={ACM}
}

%%%%%%%%%%%%%%%%%%%%%%%%%%%%%%%%%%%%%%%%%%%%%%%%%%%%%%%%%%%%%%%%%%%%%%

@inproceedings{king,
  title={King: Estimating latency between arbitrary internet end hosts},
  author={Gummadi, K.P. and Saroiu, S. and Gribble, S.D.},
  booktitle={Proc. of SIGCOMM Workshop'02},
  pages={5--18},
  year={2002},
  organization={ACM}
}


%%%%%%%%%%%%%%%%%%%%%%%%%%%%%%%%%%%%%%%%%%%%%%%%%%%%%%%%%%%%%%%%%%%%%%

@article{cyclon,  
  title={CYCLON: Inexpensive Membership Management for Unstructured {P2P} Overlays},
  author={Voulgaris, S. and Gavidia, D. and van Steen, M.},   
  journal={Journal of Network and Systems Management},   
  volume={13},   
  number={2},  
  pages={197--217},   
  year={2005},
  publisher={Springer}
}

%%%%%%%%%%%%%%%%%%%%%%%%%%%%%%%%%%%%%%%%%%%%%%%%%%%%%%%%%%%%%%%%%%%%%%

@inproceedings{gozar,
  author={Payberah, A.H. and Dowling, J. and Haridi, S.},
  title={Gozar: {NAT}-friendly Peer Sampling with One-Hop Distributed {NAT} Traversal},
  booktitle={Proc. of DAIS'11},
  pages={1--14},
  year={2011},
  publisher={Springer}
}

%%%%%%%%%%%%%%%%%%%%%%%%%%%%%%%%%%%%%%%%%%%%%%%%%%%%%%%%%%%%%%%%%%%%%%

@inproceedings{croupier,
  title={Shuffling with a {Croupier}: Nat-aware peer-sampling},
  author={Dowling, J. and Payberah, A.H.},
  booktitle={Proc. of ICDCS'12},
  pages={102--111},
  year={2012},
  organization={IEEE}
}

%%%%%%%%%%%%%%%%%%%%%%%%%%%%%%%%%%%%%%%%%%%%%%%%%%%%%%%%%%%%%%%%%%%%%%

@inproceedings{coolstreaming,
  title={{CoolStreaming/DONet}: a data-driven overlay network for peer-to-peer live media streaming},
  author={Zhang, X. and Liu, J. and Li, B. and Yum, Y.S.P.},
  booktitle={Proc. of INFOCOM'05},
  pages={2102--2111},
  year={2005},
  organization={IEEE}
}

%%%%%%%%%%%%%%%%%%%%%%%%%%%%%%%%%%%%%%%%%%%%%%%%%%%%%%%%%%%%%%%%%%%%%%

@inproceedings{chunkselection,
  title={Exploring the optimal chunk selection policy for data-driven {P2P} streaming systems},
  author={Zhao, B.Q. and Lui, J. and Chiu, D.M.},
  booktitle={Proc. of P2P'09},
  pages={271--280},
  year={2009},
  organization={IEEE}
}

%%%%%%%%%%%%%%%%%%%%%%%%%%%%%%%%%%%%%%%%%%%%%%%%%%%%%%%%%%%%%%%%%%%%%%

@inproceedings{carlsson,
  title={Peer-assisted on-demand streaming of stored media using BitTorrent-like protocols},
  author={Carlsson, N. and Eager, D.},
  booktitle={Proc. of NETWORKING'07},
  pages={570--581},
  year={2007},
  publisher={Springer}
}

%%%%%%%%%%%%%%%%%%%%%%%%%%%%%%%%%%%%%%%%%%%%%%%%%%%%%%%%%%%%%%%%%%%%%%%%%%%%%%%%%%%%%%%%%%%%%%%%%%%%

@inproceedings{gradientv,
  title={Gradientv: Market-based {P2P} live media streaming on the gradient overlay},
  author={Payberah, A.H. and Dowling, J. and Rahimian, F. and Haridi, S.},
  booktitle={Proc. of DAIS'10},
  pages={212--225},
  year={2010},
  organization={Springer}
}

%%%%%%%%%%%%%%%%%%%%%%%%%%%%%%%%%%%%%%%%%%%%%%%%%%%%%%%%%%%%%%%%%%%%%%%%%%%%%%%%%%%%%%%%%%%%%%%%%%%%

@inproceedings{glive,
  title={Glive: The gradient overlay as a market maker for mesh-based {P2P} live streaming},
  author={Payberah, A.H. and Dowling, J. and Haridi, S.},
  booktitle={Proc. of ISPDC'11},
  pages={153--162},
  year={2011},
  organization={IEEE}
}

%%%%%%%%%%%%%%%%%%%%%%%%%%%%%%%%%%%%%%%%%%%%%%%%%%%%%%%%%%%%%%%%%%%%%%%%%%%%%%%%%%%%%%%%%%%%%%%%%%%%

@inproceedings{sepidar,
  title={Sepidar: Incentivized market-based {P2P} live-streaming on the gradient overlay network},
  author={Payberah, A.H. and Rahimian, F. and Haridi, S. and Dowling, J.},
  booktitle={Proc. of ISM'10},
  pages={1--8},
  year={2010},
  organization={IEEE}
}

%%%%%%%%%%%%%%%%%%%%%%%%%%%%%%%%%%%%%%%%%%%%%%%%%%%%%%%%%%%%%%%%%%%%%%%%%%%%%%%%%%%%%%%%%%%%%%%%%%%%

@techreport{abouvetheclouds,
 title={Above the Clouds: A Berkeley View of Cloud Computing},
 author={Armbrust, M. and Fox, A. and Griffith, R. and Joseph, A.D. and Katz, R.H. and Konwinski, A. and Lee, G. and Patterson, D.A. and Rabkin, A. and Stoica, I. and Zaharia, M.},
 Institution={EECS Department, University of California, Berkeley},
 Year={2009}
}

%%%%%%%%%%%%%%%%%%%%%%%%%%%%%%%%%%%%%%%%%%%%%%%%%%%%%%%%%%%%%%%%%%%%%%%%%%%%%%%%%%%%%%%%%%%%%%%%%%%%

@inproceedings{cloudcomputing,
  title={Scientific cloud computing: Early definition and experience},
  author={Wang, L. and Tao, J. and Kunze, M. and Castellanos, A.C. and Kramer, D. and Karl, W.},
  booktitle={Proc. of HPCC'08},
  pages={825--830},
  year={2008},
  organization={IEEE}
}

%%%%%%%%%%%%%%%%%%%%%%%%%%%%%%%%%%%%%%%%%%%%%%%%%%%%%%%%%%%%%%%%%%%%%%%%%%%%%%%%%%%%%%%%%%%%%%%%%%%%

@misc{amazonec2,
  title={Amazon Elastic Compute Cloud ({Amazon EC2})},
  note={{http://aws.amazon.com/ec2/}, [Online; accessed 20-Nov-2012]}
}

%%%%%%%%%%%%%%%%%%%%%%%%%%%%%%%%%%%%%%%%%%%%%%%%%%%%%%%%%%%%%%%%%%%%%%%%%%%%%%%%%%%%%%%%%%%%%%%%%%%%

@misc{amazons3,
  title={Amazon Simple Storage Service ({Amazon S3})},
  note={{http://aws.amazon.com/s3/}, [Online; accessed 20-Nov-2012]}
}

%%%%%%%%%%%%%%%%%%%%%%%%%%%%%%%%%%%%%%%%%%%%%%%%%%%%%%%%%%%%%%%%%%%%%%%%%%%%%%%%%%%%%%%%%%%%%%%%%%%%

@inproceedings{treebasedmesh,
  title={Tree-based analysis of mesh overlays for peer-to-peer streaming},
  author={Biskupski, B. and Schiely, M. and Felber, P. and Meier, R.},
  booktitle={Proc. of DAIS'08},
  pages={126--139},
  year={2008},
  organization={Springer}
}

%%%%%%%%%%%%%%%%%%%%%%%%%%%%%%%%%%%%%%%%%%%%%%%%%%%%%%%%%%%%%%%%%%%%%%

@article{peersampling,
  title={Gossip-based peer sampling},
  author={Jelasity, M. and Voulgaris, S. and Guerraoui, R. and Kermarrec, A.M. and Van Steen, M.},
  journal={ACM Transactions on Computer Systems (TOCS)},
  volume={25},
  number={3},
  pages={8},
  year={2007},
  publisher={ACM}
}

%%%%%%%%%%%%%%%%%%%%%%%%%%%%%%%%%%%%%%%%%%%%%%%%%%%%%%%%%%%%%%%%%%%%%%

@article{Sripanidkulchai,
  title={The feasibility of supporting large-scale live streaming applications with dynamic application end-points},
  author={Sripanidkulchai, K. and Ganjam, A. and Maggs, B. and Zhang, H.},
  journal={ACM SIGCOMM Computer Communication Review},
  volume={34},
  number={4},
  pages={107--120},
  year={2004},
  organization={ACM}
}

%%%%%%%%%%%%%%%%%%%%%%%%%%%%%%%%%%%%%%%%%%%%%%%%%%%%%%%%%%%%%%%%%%%%%%

@inproceedings{sripanidkulchai2004analysis,
  title={An analysis of live streaming workloads on the internet},
  author={Sripanidkulchai, K. and Maggs, B. and Zhang, H.},
  booktitle={Proc. of IMC'04},
  pages={41--54},
  year={2004},
  organization={ACM}
}

%%%%%%%%%%%%%%%%%%%%%%%%%%%%%%%%%%%%%%%%%%%%%%%%%%%%%%%%%%%%%%%%%%%%%%

@inproceedings{churn,
  title={Understanding churn in peer-to-peer networks},
  author={Stutzbach, D. and Rejaie, R.},
  booktitle={Proc. of IMC'06},
  volume={25},
  number={27},
  pages={189--202},
  year={2006}
}

%%%%%%%%%%%%%%%%%%%%%%%%%%%%%%%%%%%%%%%%%%%%%%%%%%%%%%%%%%%%%%%%%%%%%%

@article{sopcast,
  title={Assessing the quality of experience of {Sopcast}},
  author={Lu, Y. and Fallica, B. and Kuipers, F.A. and Kooij, R.E. and Mieghem, P.V.},
  journal={International Journal of Internet Protocol Technology},
  volume={4},
  number={1},
  pages={11--23},
  year={2009},
  publisher={Inderscience Publishers}
}

%%%%%%%%%%%%%%%%%%%%%%%%%%%%%%%%%%%%%%%%%%%%%%%%%%%%%%%%%%%%%%%%%%%%%%

@inproceedings{pplive,
  title={Analysis of {PPLive} through active and passive measurements},
  author={Spoto, S. and Gaeta, R. and Grangetto, M. and Sereno, M.},
  booktitle={Proc. of IPDPS'09},
  pages={1--7},
  year={2009},
  organization={IEEE}
}

%%%%%%%%%%%%%%%%%%%%%%%%%%%%%%%%%%%%%%%%%%%%%%%%%%%%%%%%%%%%%%%%%%%%%%

@conference{qoe,
  title={{QoE} in pull based {P2P-TV} systems: overlay topology design tradeoffs},
  author={Fortuna, R. and Leonardi, E. and Mellia, M. and Meo, M. and Traverso, S.},
  booktitle={Proc. of P2P'10},
  pages={1--10},
  year={2010},
  organization={IEEE}
}

%%%%%%%%%%%%%%%%%%%%%%%%%%%%%%%%%%%%%%%%%%%%%%%%%%%%%%%%%%%%%%%%%%%%%%

@conference{gossip++,
  title={Boosting gossip for live streaming},
  author={Frey, D. and Guerraoui, R. and Kermarrec, A.M. and Monod, M.},
  booktitle={Proc. of P2P'10},
  pages={1--10},
  year={2010},
  organization={IEEE}
}

%%%%%%%%%%%%%%%%%%%%%%%%%%%%%%%%%%%%%%%%%%%%%%%%%%%%%%%%%%%%%%%%%%%%%%

@techreport{goel2006data,
  title={Data replication strategies in wide area distributed systems},
  author={Goel, S. and Buyya, R.},
  year={2006},
  institution={Idea Group Inc., Hershey, PA, USA}
}

%%%%%%%%%%%%%%%%%%%%%%%%%%%%%%%%%%%%%%%%%%%%%%%%%%%%%%%%%%%%%%%%%%%%%%

@inproceedings{chainsaw,
  title={Chainsaw: Eliminating trees from overlay multicast},
  author={Pai, V. and Kumar, K. and Tamilmani, K. and Sambamurthy, V. and Mohr, A.},
  booktitle={Proc. of IPTPS'05},
  pages={127--140},
  year={2005},
  publisher={Springer}
}

%%%%%%%%%%%%%%%%%%%%%%%%%%%%%%%%%%%%%%%%%%%%%%%%%%%%%%%%%%%%%%%%%%%%%%

@inproceedings{newcoolstreaming,
  title={Inside the new {Coolstreaming}: Principles, measurements and performance implications},
  author={Li, B. and Xie, S. and Qu, Y. and Keung, G.Y. and Lin, C. and Liu, J. and Zhang, X.},
  booktitle={Proc. of INFOCOM'08},
  pages={1031--1039},
  year={2008},
  organization={IEEE}
}

%%%%%%%%%%%%%%%%%%%%%%%%%%%%%%%%%%%%%%%%%%%%%%%%%%%%%%%%%%%%%%%%%%%%%%

@article{armbrust2010view,
  title={A view of cloud computing},
  author={Armbrust, M. and Fox, A. and Griffith, R. and Joseph, A.D. and Katz, R. and Konwinski, A. and Lee, G. and Patterson, D. and Rabkin, A. and Stoica, I. and others},
  journal={Communications of the ACM},
  volume={53},
  number={4},
  pages={50--58},
  year={2010},
  publisher={ACM}
}

%%%%%%%%%%%%%%%%%%%%%%%%%%%%%%%%%%%%%%%%%%%%%%%%%%%%%%%%%%%%%%%%%%%%%%

@book{schay2007introduction,
  title={Introduction to probability with statistical applications},
  author={Schay, G.},
  year={2007},
  publisher={Birkh{\"a}user}
}

%%%%%%%%%%%%%%%%%%%%%%%%%%%%%%%%%%%%%%%%%%%%%%%%%%%%%%%%%%%%%%%%%%%%%%

@inproceedings{angelcast,
  title={{AngelCast}: cloud-based peer-assisted live streaming using optimized multi-tree construction},
  author={Sweha, R. and Ishakian, V. and Bestavros, A.},
  booktitle={Proc. of MMsys'12},
  pages={191--202},
  year={2012},
  organization={ACM}
}

%%%%%%%%%%%%%%%%%%%%%%%%%%%%%%%%%%%%%%%%%%%%%%%%%%%%%%%%%%%%%%%%%%%%%%

@article{budget,
  title={Peer-assisted content distribution on a budget},
  author={Michiardi, P. and Carra, D. and Albanese, F. and Bestavros, A.},
  journal={Computer Networks},
  volume={56},
  number={7},
  pages={2038--2048},
  year={2012},
  publisher={Elsevier}
}

%%%%%%%%%%%%%%%%%%%%%%%%%%%%%%%%%%%%%%%%%%%%%%%%%%%%%%%%%%%%%%%%%%%%%%

@inproceedings{fallica2008quality,
  title={On the quality of experience of sopcast},
  author={Fallica, B. and Lu, Y. and Kuipers, F. and Kooij, R. and Van Mieghem, P.},
  booktitle={Proc. of NGMAST'08},
  pages={501--506},
  year={2008},
  organization={IEEE}
}
